\usepackage{aas_macros}

@ARTICLE{Arcidiacono09,
   author = {{Arcidiacono}, C. and {Ragazzoni}, R.},
    title = "{Ground Layer Adaptive Optics: PSF effects on ELT scales}",
  journal = {ArXiv e-prints},
archivePrefix = "arXiv",
   eprint = {0911.3576},
 primaryClass = "astro-ph.IM",
 keywords = {Astrophysics - Instrumentation and Methods for Astrophysics},
     year = 2009,
    month = nov,
   adsurl = {http://adsabs.harvard.edu/abs/2009arXiv0911.3576A},
  adsnote = {Provided by the SAO/NASA Astrophysics Data System}
}


@INPROCEEDINGS{Baranec07,
   author = {{Baranec}, C. and {Lloyd-Hart}, M. and {Milton}, N.~M. and {Stalcup}, T. and 
	{Snyder}, M. and {Vaitheeswaran}, V. and {McCarthy}, D. and 
	{Angel}, R.},
    title = "{Astronomical imaging using ground-layer adaptive optics}",
booktitle = {Society of Photo-Optical Instrumentation Engineers (SPIE) Conference Series},
     year = 2007,
   series = {Society of Photo-Optical Instrumentation Engineers (SPIE) Conference Series},
   volume = 6691,
    month = sep,
      eid = {66910N},
      doi = {10.1117/12.732609},
   adsurl = {http://adsabs.harvard.edu/abs/2007SPIE.6691E..17B},
  adsnote = {Provided by the SAO/NASA Astrophysics Data System}
}

@ARTICLE{Baranec13,
   author = {{Baranec}, C. and {Riddle}, R. and {Law}, N.~M. and {Ramaprakash}, A.~N. and 
	{Tendulkar}, S. and {Hogstrom}, K. and {Bui}, K. and {Burse}, M. and 
	{Chordia}, P. and {Das}, H. and {Dekany}, R. and {Kulkarni}, S. and 
	{Punnadi}, S. and {Smith}, R.},
    title = "{Rise of the machines: first year operations of the Robo-AO visible-light laser-adaptive optics instrument}",
  journal = {ArXiv e-prints},
archivePrefix = "arXiv",
   eprint = {1309.4432},
 primaryClass = "astro-ph.IM",
 keywords = {Astrophysics - Instrumentation and Methods for Astrophysics},
     year = 2013,
    month = sep,
   adsurl = {http://adsabs.harvard.edu/abs/2013arXiv1309.4432B},
  adsnote = {Provided by the SAO/NASA Astrophysics Data System}
}

@ARTICLE{Chun09,
       author = {{Chun}, M. and {Wilson}, R. and {Avila}, R. and {Butterley}, T. and 
	{Aviles}, J.-L. and {Wier}, D. and {Benigni}, S.},
   title = "{Mauna Kea ground-layer characterization campaign}",
  journal = {MNRAS},
  keywords = {atmospheric effects , instrumentation: adaptive optics , site testing},
  year = {2009},
  month = {apr},
   volume = {394},
   pages = {1121-1130},
  doi = {10.1111/j.1365-2966.2008.14346.x},
        adsurl = {http://ads.nao.ac.jp/abs/2009MNRAS.394.1121C},
        adsnote = {Provided by the SAO/NASA Astrophysics Data System}
}

Retrieved 1 abstracts, starting with number 1.  Total number selected: 1.

@ARTICLE{Hart10,
   author = {{Hart}, M. and {Milton}, N.~M. and {Baranec}, C. and {Powell}, K. and 
	{Stalcup}, T. and {McCarthy}, D. and {Kulesa}, C. and {Bendek}, E.
	},
    title = "{A ground-layer adaptive optics system with multiple laser guide stars}",
  journal = {Nature},
     year = 2010,
    month = aug,
   volume = 466,
    pages = {727-729},
      doi = {10.1038/nature09311},
   adsurl = {http://adsabs.harvard.edu/abs/2010Natur.466..727H},
  adsnote = {Provided by the SAO/NASA Astrophysics Data System}
}

@ARTICLE{King83,
   author = {{King}, I.~R.},
    title = "{Accuracy of measurement of star images on a pixel array}",
  journal = {PASP},
 keywords = {ASTROMETRY, BRIGHTNESS, SIGNAL TO NOISE RATIOS, STELLAR LUMINOSITY, STELLAR SPECTROPHOTOMETRY, VIDICONS, ACCURACY, ALGORITHMS, LEAST SQUARES METHOD, POISSON DENSITY FUNCTIONS},
     year = 1983,
    month = feb,
   volume = 95,
    pages = {163-168},
      doi = {10.1086/131139},
   adsurl = {http://adsabs.harvard.edu/abs/1983PASP...95..163K},
  adsnote = {Provided by the SAO/NASA Astrophysics Data System}
}


@INPROCEEDINGS{Lai08,
   author = {{Lai}, O. and {Chun}, M. and {Cuillandre}, J.~C. and {Carlberg}, R. and 
	{Richer}, H. and {Andersen}, D. and {Pazder}, J. and {Tonry}, J. and 
	{Doyon}, R. and {Thibault}, S. and {Dunlop}, J. and {Pritchet}, C. and 
	{V{\'e}ran}, J.~P. and {Ftaclas}, C. and {Onaka}, P. and {Hodapp}, K.~W. and 
	{McLaren}, R.~A. and {Bertin}, E. and {Mellier}, Y. and {Astier}, P. and 
	{Pain}, R.},
    title = "{IMAKA: imaging from Mauna KeA with an atmosphere corrected 1 square degree optical imager}",
booktitle = {Society of Photo-Optical Instrumentation Engineers (SPIE) Conference Series},
     year = 2008,
   series = {Society of Photo-Optical Instrumentation Engineers (SPIE) Conference Series},
   volume = 7015,
    month = jul,
      eid = {70154H},
      doi = {10.1117/12.790114},
   adsurl = {http://adsabs.harvard.edu/abs/2008SPIE.7015E.121L},
  adsnote = {Provided by the SAO/NASA Astrophysics Data System}
}

@INPROCEEDINGS{Lai10,
   author = {{Lai}, O. and {Chun}, M.~R. and {Pazder}, J. and {V{\'e}ran}, J.-P. and 
	{Jolissaint}, L. and {Andersen}, D. and {Salmon}, D. and {Cuillandre}, J.-C.
	},
    title = "{Imaka: a Lagrange invariant of ELTs}",
booktitle = {Society of Photo-Optical Instrumentation Engineers (SPIE) Conference Series},
     year = 2010,
   series = {Society of Photo-Optical Instrumentation Engineers (SPIE) Conference Series},
   volume = 7736,
    month = jul,
      eid = {77361D},
      doi = {10.1117/12.857595},
   adsurl = {http://adsabs.harvard.edu/abs/2010SPIE.7736E..46L},
  adsnote = {Provided by the SAO/NASA Astrophysics Data System}
}
